@book{Gratzer2014,
address = {New York},
author = {Gratzer, George},
publisher = {Springer},
title = {{Practical LaTeX}},
url = {https://link-springer-com.ezproxy3.library.arizona.edu/book/10.1007{\%}2F978-3-319-06425-3},
year = {2014}
}
@book{Gratzer2000,
address = {New York},
author = {Gratzer, George},
publisher = {Springer},
title = {{Math into Latex}},
year = {2000}
}
@book{Goossens2004,
address = {Boston},
author = {Goossens, Michel and Mittelbach, Frank and Rowley, Chris and Carlisle, David and Braams, Johannes},
publisher = {Pearson},
title = {{The LaTeX Companion}},
year = {2004}
}
@article{Baggins2019,
author = {Baggins, Frodo},
journal = {The Shire Journal of Metallurgy},
title = {{How to Melt a Ring}},
volume = {10},
number = {1},
pages = {20 -- 30},
year = {2019}
}
@book{WoodlandC2018,
address = {Tucson},
author = {Woodland, Legolas and The Gray, Gandalf},
publisher = {University of Arizona Press},
title = {{Treaty on Orc Control}},
year = {2018}
}
@article{Gamgee2018,
author = {Gamgee, Sam and Baggins, Frodo and Baggins, Bilbo and Took, Peregrin}, 
journal = {Journal of Long Distance Travel},
title = {{Around the Middle-earth in 80 Days}},
volume = {32},
number = {4},
pages = {9 -- 27},
year = {2018}
}